@article{oldpaper,
  title={Atomic and molecular electron affinities: photoelectron experiments and theoretical computations},
  author={Rienstra-Kiracofe, Jonathan C and Tschumper, Gregory S and Schaefer, Henry F and Nandi, Sreela and Ellison, G Barney},
  journal={Chemical reviews},
  volume={102},
  number={1},
  pages={231--282},
  year={2002},
  publisher={ACS Publications}
}

@article{gasion,
  title={Gas phase ion chemistry},
  author={Drzaic, PAUL S and Marks, J and Brauman, JI},
  journal={by MT Bowers, Academic Press, New York},
  volume={3},
  pages={167},
  year={1984}
}

@article{pure,
  title={The electron as a protecting group. 3. Generation of acenaphthyne radical anion and the determination of the heat of formation of a strained cycloalkyne},
  author={Broadus, Katherine M and Kass, Steven R},
  journal={Journal of the American Chemical Society},
  volume={123},
  number={18},
  pages={4189--4196},
  year={2001},
  publisher={ACS Publications}
}

@article{environment,
  title={UV--visible spectrum of the phenyl radical and kinetics of its reaction with NO in the gas phase},
  author={Wallington, TJ and Egsgaard, H and Nielsen, OJ and Platz, J and Sehested, J and Stein, T},
  journal={Chemical physics letters},
  volume={290},
  number={4-6},
  pages={363--370},
  year={1998},
  publisher={Elsevier}
}

@article{silicon,
  title={Chemistry and thermochemistry of silicon-containing anions in the gas phase},
  author={Damrauer, Robert and Hankin, Joseph A},
  journal={Chemical reviews},
  volume={95},
  number={5},
  pages={1137--1160},
  year={1995},
  publisher={ACS Publications}
}

@article{quantumdot,
  title={Electronic structure of indium phosphide clusters: anion photoelectron spectroscopy of InxPx- and Inx+ 1Px-(x= 1--13) clusters},
  author={Asmis, Knut R and Taylor, Travis R and Neumark, Daniel M},
  journal={Chemical physics letters},
  volume={308},
  number={5-6},
  pages={347--354},
  year={1999},
  publisher={Elsevier}
}

@article{luminescence,
  title={Highly efficient light-emitting polymers composed of both hole and electron affinity units in the conjugated main chain},
  author={Song, Seung-Yong and Jang, Min Sik and Shim, Hong-Ku and Hwang, Do-Hoon and Zyung, Taehyoung},
  journal={Macromolecules},
  volume={32},
  number={5},
  pages={1482--1487},
  year={1999},
  publisher={ACS Publications}
}

@article{SO4,
  title={Isolated SO42-and PO43-anions do not exist},
  author={Boldyrev, Alexander I and Simons, Jack},
  journal={The Journal of Physical Chemistry},
  volume={98},
  number={9},
  pages={2298--2300},
  year={1994},
  publisher={ACS Publications}
}

@article{pekeris,
  title={1 S 1, 2 S 1, and 2 S 3 States of H- and of He},
  author={Pekeris, CL},
  journal={Physical Review},
  volume={126},
  number={4},
  pages={1470},
  year={1962},
  publisher={APS}
}

@article{blondel,
  title={Recent experimental achievements with negative ions},
  author={Blondel, C},
  journal={Physica scripta},
  volume={1995},
  number={T58},
  pages={31},
  year={1995},
  publisher={IOP Publishing}
}

@article{implementation,
  title={Efficient implementation of the non-Dyson third-order algebraic diagrammatic construction approximation for the electron propagator for closed-and open-shell molecules},
  author={Dempwolff, Adrian L and Schneider, Matthias and Hodecker, Manuel and Dreuw, Andreas},
  journal={The Journal of chemical physics},
  volume={150},
  number={6},
  pages={064108},
  year={2019},
  publisher={AIP Publishing}
}

@article{ADCpp,
  title={The algebraic diagrammatic construction scheme for the polarization propagator for the calculation of excited states},
  author={Dreuw, Andreas and Wormit, Michael},
  journal={Wiley Interdisciplinary Reviews: Computational Molecular Science},
  volume={5},
  number={1},
  pages={82--95},
  year={2015},
  publisher={Wiley Online Library}
}

@book{elecstruc,
  title={An introduction to theoretical chemistry},
  author={Simons, Jack},
  year={2003},
  publisher={Cambridge University Press}
}

@misc{sakurai,
  title={Modern quantum mechanics, revised edition},
  author={Sakurai, Jun John and Commins, Eugene D},
  year={1995},
  publisher={AAPT}
}

@inproceedings{hartree,
  title={The wave mechanics of an atom with a non-Coulomb central field. Part I. Theory and methods},
  author={Hartree, Douglas R},
  booktitle={Mathematical Proceedings of the Cambridge Philosophical Society},
  volume={24},
  number={1},
  pages={89--110},
  year={1928},
  organization={Cambridge University Press}
}

@article{relativ,
  title={Relativistic effects in structural chemistry},
  author={Pyykko, Pekka},
  journal={Chemical Reviews},
  volume={88},
  number={3},
  pages={563--594},
  year={1988},
  publisher={ACS Publications}
}

@book{reladft,
  title={A primer in density functional theory},
  author={Fiolhais, Carlos and Nogueira, Fernando and Marques, Miguel AL},
  volume={620},
  year={2003},
  publisher={Springer Science \& Business Media}
}

@article{dkh,
  title={Douglas--Kroll--Hess Theory: a relativistic electrons-only theory for chemistry},
  author={Reiher, Markus},
  journal={Theoretical Chemistry Accounts},
  volume={116},
  number={1-3},
  pages={241--252},
  year={2006},
  publisher={Springer}
}

@misc{x2c,
  title={Exact two-component Hamiltonians revisited},
  author={Liu, Wenjian and Peng, Daoling},
  year={2009},
  publisher={AIP}
}

@book{relaqchem,
  title={Introduction to relativistic quantum chemistry},
  author={Dyall, Kenneth G and F{\ae}gri Jr, Knut},
  year={2007},
  publisher={Oxford University Press}
}

@article{tomqne,
  title={Nuclear quantum effects in water and aqueous systems: Experiment, theory, and current challenges},
  author={Ceriotti, Michele and Fang, Wei and Kusalik, Peter G and McKenzie, Ross H and Michaelides, Angelos and Morales, Miguel A and Markland, Thomas E},
  journal={Chemical reviews},
  volume={116},
  number={13},
  pages={7529--7550},
  year={2016},
  publisher={ACS Publications}
}

@article{pimd,
  title={Ring-polymer molecular dynamics: quantum effects in chemical dynamics from classical trajectories in an extended phase space},
  author={Habershon, Scott and Manolopoulos, David E and Markland, Thomas E and Miller III, Thomas F},
  journal={Annual review of physical chemistry},
  volume={64},
  pages={387--413},
  year={2013},
  publisher={Annual Reviews}
}

@article{reduceddm,
  title={Quantum chemistry without wave functions: two-electron reduced density matrices},
  author={Mazziotti, David A},
  journal={Accounts of chemical research},
  volume={39},
  number={3},
  pages={207--215},
  year={2006},
  publisher={ACS Publications}
}

@article{dmrg,
  title={The density matrix renormalization group in quantum chemistry},
  author={Chan, Garnet Kin-Lic and Sharma, Sandeep},
  journal={Annual review of physical chemistry},
  volume={62},
  pages={465--481},
  year={2011},
  publisher={Annual Reviews}
}

@book{mqc,
  title={Modern quantum chemistry: introduction to advanced electronic structure theory},
  author={Szabo, Attila and Ostlund, Neil S},
  year={2012},
  publisher={Courier Corporation}
}

@article{sizeconsistency,
  title={Reflections on size-extensivity, size-consistency and generalized extensivity in many-body theory},
  author={Nooijen*, Marcel and Shamasundar, KR and Mukherjee, Debashis},
  journal={Molecular Physics},
  volume={103},
  number={15-16},
  pages={2277--2298},
  year={2005},
  publisher={Taylor \& Francis}
}

@article{h2problem,
  title={On the size consistence of a few approximate multireference CI schemes},
  author={Malrieu, Jean-Paul},
  journal={Theoretica chimica acta},
  volume={62},
  number={2},
  pages={163--174},
  year={1982},
  publisher={Springer}
}

@article{coupledcluster,
  title={Coupled-cluster theory in quantum chemistry},
  author={Bartlett, Rodney J and Musia{\l}, Monika},
  journal={Reviews of Modern Physics},
  volume={79},
  number={1},
  pages={291},
  year={2007},
  publisher={APS}
}

@article{mp2,
  title={MP2 energy evaluation by direct methods},
  author={Head-Gordon, Martin and Pople, John A and Frisch, Michael J},
  journal={Chemical Physics Letters},
  volume={153},
  number={6},
  pages={503--506},
  year={1988},
  publisher={Elsevier}
}

@article{hktheorem,
  title={Inhomogeneous electron gas},
  author={Hohenberg, Pierre and Kohn, Walter},
  journal={Physical review},
  volume={136},
  number={3B},
  pages={B864},
  year={1964},
  publisher={APS}
}

@article{homogeneous,
  title={Elementary Excitations in Solids, WA Benjamin Inc},
  author={Pines, D},
  journal={New York},
  year={1963}
}

@article{b3lyp,
  title={Development of the Colle-Salvetti correlation-energy formula into a functional of the electron density},
  author={Lee, Chengteh and Yang, Weitao and Parr, Robert G},
  journal={Physical review B},
  volume={37},
  number={2},
  pages={785},
  year={1988},
  publisher={APS}
}

@article{pbe0,
  title={Rationale for mixing exact exchange with density functional approximations},
  author={Perdew, John P and Ernzerhof, Matthias and Burke, Kieron},
  journal={The Journal of chemical physics},
  volume={105},
  number={22},
  pages={9982--9985},
  year={1996},
  publisher={AIP}
}

@article{hse,
  title={Hybrid functionals based on a screened Coulomb potential},
  author={Heyd, Jochen and Scuseria, Gustavo E and Ernzerhof, Matthias},
  journal={The Journal of chemical physics},
  volume={118},
  number={18},
  pages={8207--8215},
  year={2003},
  publisher={AIP}
}

@book{gallmannlow,
  title={Quantum theory of many-particle systems},
  author={Fetter, Alexander L and Walecka, John Dirk},
  year={2012},
  publisher={Courier Corporation}
}

@book{rsptproof,
  title={The many-body problem in quantum mechanics},
  author={March, Norman Henry and Young, William H and Sampanthar, Sangarapillai},
  year={1995},
  publisher={Courier Corporation}
}

@article{kaiser,
  title={Physics and Feynman's Diagrams: In the hands of a postwar generation, a tool intended to lead quantum electrodynamics out of a decades-long morass helped transform physics},
  author={Kaiser, David},
  journal={American Scientist},
  volume={93},
  number={2},
  pages={156--165},
  year={2005},
  publisher={JSTOR}
}

@article{wickproof,
  title={The evaluation of the collision matrix},
  author={Wick, Gian-Carlo},
  journal={Physical review},
  volume={80},
  number={2},
  pages={268},
  year={1950},
  publisher={APS}
}

@book{main,
  title={Many-Body Methods for Atoms, Molecules and Clusters},
  author={Schirmer, Jochen},
  volume={94},
  year={2018},
  publisher={Springer}
}

@article{Mpqproof1,
  title={The six-point Green function and the application of Faddeev's theory to the many body problem},
  author={Ethofer, Siegfried and Schuck, P},
  journal={Zeitschrift f{\"u}r Physik A Hadrons and nuclei},
  volume={228},
  number={3},
  pages={264--285},
  year={1969},
  publisher={Springer}
}

@article{Mpqproof2,
  title={Study of core excitations in one-particle and one-holf nuclei by means of the six-point Green function},
  author={Winter, J},
  journal={Nuclear Physics A},
  volume={194},
  number={3},
  pages={535--551},
  year={1972},
  publisher={Elsevier}
}

@article{libtensor,
  title={New implementation of high-level correlated methods using a general block tensor library for high-performance electronic structure calculations},
  author={Epifanovsky, Evgeny and Wormit, Michael and Ku{\'s}, Tomasz and Landau, Arie and Zuev, Dmitry and Khistyaev, Kirill and Manohar, Prashant and Kaliman, Ilya and Dreuw, Andreas and Krylov, Anna I},
  journal={Journal of computational chemistry},
  volume={34},
  number={26},
  pages={2293--2309},
  year={2013},
  publisher={Wiley Online Library}
}

@article{sizeproof,
  title={Size consistency of an algebraic propagator approach},
  author={Schirmer, J and Mertins, F},
  journal={International journal of quantum chemistry},
  volume={58},
  number={4},
  pages={329--339},
  year={1996},
  publisher={Wiley Online Library}
}

@article{CBS,
  title={Gaussian basis sets for use in correlated molecular calculations. I. The atoms boron through neon and hydrogen},
  author={Dunning Jr, Thom H},
  journal={The Journal of chemical physics},
  volume={90},
  number={2},
  pages={1007--1023},
  year={1989},
  publisher={AIP}
}

@article{newpaper,
  title={Theoretical study of negative molecular ions},
  author={Simons, Jack},
  journal={Annual review of physical chemistry},
  volume={62},
  pages={107--128},
  year={2011},
  publisher={Annual Reviews}
}


